<record><leader>00000cas a22000007a 4500</leader><controlfield tag="001">12304545</controlfield><controlfield tag="008">850725d19101916pauwr ne      0    0ukr d</controlfield><datafield ind1=" " ind2=" " tag="010"><subfield code="a">sn 85055009 </subfield></datafield><datafield ind1=" " ind2=" " tag="040"><subfield code="a">NPH</subfield><subfield code="b">eng</subfield><subfield code="c">NPH</subfield><subfield code="d">CRL</subfield><subfield code="d">NPH</subfield><subfield code="d">NST</subfield><subfield code="d">OCLCQ</subfield><subfield code="d">CRL</subfield><subfield code="d">OCLCF</subfield></datafield><datafield ind1=" " ind2=" " tag="012"><subfield code="i">9001</subfield></datafield><datafield ind1="1" ind2=" " tag="029"><subfield code="a">AU@</subfield><subfield code="b">000020384120</subfield></datafield><datafield ind1="0" ind2=" " tag="041"><subfield code="a">ukr</subfield><subfield code="a">eng</subfield></datafield><datafield ind1=" " ind2=" " tag="042"><subfield code="a">msc</subfield></datafield><datafield ind1=" " ind2=" " tag="043"><subfield code="a">n-us---</subfield></datafield><datafield ind1=" " ind2="4" tag="050"><subfield code="a">BX1407.U6</subfield><subfield code="b">P7</subfield></datafield><datafield ind1="0" ind2=" " tag="130"><subfield code="a">Rusin (Philadelphia, Pa.)</subfield></datafield><datafield ind1="1" ind2="0" tag="245"><subfield code="a">Rusin =</subfield><subfield code="b">Rusyn = The Ruthenian.</subfield></datafield><datafield ind1="3" ind2="1" tag="246"><subfield code="a">Rusyn</subfield></datafield><datafield ind1="3" ind2="1" tag="246"><subfield code="a">Ruthenian</subfield></datafield><datafield ind1=" " ind2=" " tag="260"><subfield code="a">Philadelphia, Pa. :</subfield><subfield code="b">[s.n.] ;</subfield><subfield code="a">Allegheny, Pa. :</subfield><subfield code="b">Rev. Joseph Hanulya,</subfield><subfield code="c">1910-1916.</subfield></datafield><datafield ind1=" " ind2=" " tag="300"><subfield code="a">6 v. :</subfield><subfield code="b">ill.</subfield></datafield><datafield ind1=" " ind2=" " tag="310"><subfield code="a">Weekly</subfield></datafield><datafield ind1="0" ind2=" " tag="362"><subfield code="a">R. 1, no. 1 (30-ho jun. 1910)-r. 7, no. 52 (28-ho dec. 1916).</subfield></datafield><datafield ind1=" " ind2=" " tag="521"><subfield code="a">" ... published ... in the interests of Catholics of the Ruthenian Greek Rite ..."</subfield></datafield><datafield ind1=" " ind2=" " tag="546"><subfield code="a">In Carpatho-Ruthenian (Ukrainian in roman and Ukrainian) and English.</subfield></datafield><datafield ind1=" " ind2=" " tag="550"><subfield code="a">Published by: Greek Cath. Priests Mission Assoc. of Pittsburg, Dec. 22, 1910-</subfield></datafield><datafield ind1=" " ind2=" " tag="550"><subfield code="a">"Urjadnyj organ Sobrania greko-kath. cerkovnych bratstv," May 11, 1911-1916.</subfield></datafield><datafield ind1=" " ind2="0" tag="650"><subfield code="a">Ruthenians</subfield><subfield code="z">United States</subfield><subfield code="v">Newspapers.</subfield></datafield><datafield ind1=" " ind2="7" tag="655"><subfield code="a">Newspapers.</subfield><subfield code="2">fast</subfield><subfield code="0">(OCoLC)fst01423814</subfield></datafield><datafield ind1=" " ind2="7" tag="650"><subfield code="a">Ruthenians.</subfield><subfield code="2">fast</subfield><subfield code="0">(OCoLC)fst01102572</subfield></datafield><datafield ind1=" " ind2="7" tag="651"><subfield code="a">United States.</subfield><subfield code="2">fast</subfield><subfield code="0">(OCoLC)fst01204155</subfield></datafield><datafield ind1="2" ind2=" " tag="710"><subfield code="a">United Societies of Greek Catholic Religion of U.S.A.</subfield></datafield><datafield ind1="2" ind2=" " tag="710"><subfield code="a">Greek Cath. Priests Mission Assoc. of Pittsburg.</subfield></datafield><datafield ind1=" " ind2=" " tag="752"><subfield code="a">United States</subfield><subfield code="b">Pennsylvania</subfield><subfield code="c">Philadelphia</subfield><subfield code="d">Philadelphia.</subfield></datafield><datafield ind1=" " ind2=" " tag="752"><subfield code="a">United States</subfield><subfield code="b">Pennsylvania</subfield><subfield code="c">Allegheny</subfield><subfield code="d">Pittsburgh.</subfield></datafield><datafield ind1=" " ind2=" " tag="752"><subfield code="a">United States</subfield><subfield code="b">Pennsylvania</subfield><subfield code="c">Allegheny</subfield><subfield code="d">Allegheny.</subfield></datafield><datafield ind1="0" ind2="0" tag="785"><subfield code="t">Prosvita</subfield><subfield code="w">(DLC)sn 85055012</subfield><subfield code="w">(OCoLC)2266547</subfield></datafield><datafield ind1=" " ind2=" " tag="850"><subfield code="a">ICRL</subfield></datafield></record>